@ARTICLE{Yann2010,
author = {Yann Martel},
title = {La vida de PI},
journal = {Matemáticas},
year = {2010},
volume = {50},
pages = {322-325}
}

@ARTICLE{Joaquin2011,
author = {Joaquin Navarro},
title = {Los secretos del numero PI},
journal = {Matemáticas},
year = {2011},
volume = {35},
pages = {114-119}
}
